% Encoding: UTF-8

@Misc{GameDevRevenues,
    title = {Market Brief --- Year in Review 2016 [Электронный ресурс]},
    note = {Режим доступа: https://www.superdataresearch.com/market-data/market-brief-year-in-review},
}

@Misc{BYRIL,
    title = {Крестики-нолики 2 (BYRIL) [Электронный ресурс]},
    note = {Режим доступа: https://play.google.com/store/apps/details?id=com.byril.tictactoe2},
}

@Misc{Aimlesscreativity,
    title = {Tic Tac Toe Pro (aimlesscreativity) [Электронный ресурс]},
    note = {Режим доступа: https://play.google.com/store/apps/details?id=com.aimlesscreativity.tic\\tactoepro.android},
}

@Misc{VMSoft,
    title = {Крестики-нолики 2 (VMSoft) [Электронный ресурс]},
    note = {Режим доступа: https://play.google.com/store/apps/details?id=paskov.biz.tictactoe},
}

@Misc{ArcliteSystems,
    title = {Tic Tac Toe Glow (Arclite Systems) [Эле\-ктрон\-ный ре\-сурс]},
    note = {Режим доступа: https://play.google.com/store/apps/details?id=com.arcsys.tictactoe},
}


@Book{CodeComplete,
    title = {Совершенный код. Мастер-класс},
    publisher = {Русская редакция},
    author = {С. МакКоннелл},
    year = {2017},
    note = {896~с.},
}

@Misc{COP,
    title = {Что такое компонентно-ориентированное программирование (краткая справка) [Электронный ресурс]},
    note = {Режим доступа: \url{http://www.inr.ac.ru/~info21/info/qtocop.htm}.},
}

@Misc{Unity,
    title = {Unity - Game Engine [Электронный ресурс]},
    note = {Режим доступа: https://unity3d.com},
}

@Misc{Unreal,
    title = {Game Engine Technology by Unreal [Электронный ресурс]},
    note = {Режим доступа: https://www.unrealengine.com/en-US/blog},
}


@Standart{ECMA335,
    title = {Common Language Infrastructure (CLI). Partitions I to VI.},
    organization = {ECMA International},
    year = {2012},
    month = {June},
    language = {english},
    url = {http://www.ecma-international.org/publications/standards/Ecma-335.htm},
    edition = {6-th},
}

@Book{Richter,
    title = {CLR via C\#. Программирование на платформе Microsoft .NET Framework 4.5 на языке C\#},
    publisher = {Питер},
    author = {Джеффри Рихтер},
    year = {2016},
    note = {896~с.},
    edition = {4-е},
}

@Book{Marchenko,
    title = {Основы программирования на C\# 2.0},
    publisher = {Бином},
    author = {А.Л. Марченко},
    year = {2007},
    note = {552~с.},
}

@Book{SICP,
    title = {Структура и интерпретация компьютерных программ},
    publisher = {Добросвет, КДУ},
    author = {Харольд Абельсон and Джеральд Джей Сассман},
    year = {2010},
    note = {608~с.},
}

@Misc{CSharp,
    title = {Обзор языка \CSharp [Электронный ресурс]},
    note = {Режим доступа: http://www.ict.edu.ru/ft/005128/ch2.pdf},
}


@Book{GameProgrammingPatterns,
    title = {Game Programming Patterns},
    publisher = {Genever Benning},
    author = {Robert Nystrom},
    year = {2014},
    note = {345~с.},
}

@Book{ProgrammingPatterns,
    title = {Шаблоны и архитектура программ},
    author = {А.А. Волосевич},
    year = {2010},
    note = {84~с.},
}


@Book{Palitsyn,
    title = {Технико-экономическое обоснование дипломных проектов: Метод. пособие для студ. всех спец. БГУИР. В 4-х ч. Ч. 4: Проекты программного обеспечения},
    publisher = {БГУИР},
    author = {В.А. Палицын},
    year = {2006},
    address = {Минск},
    note = {76~с.},
}

@Book{Gorovoi,
    title = {Экономическое обоснование проекта по разработке программного обеспечения},
    publisher = {БГУИР},
    author = {В.Г. Горовой and А.В. Грицай and В.А. Пархименко},
    year = {2014},
    address = {Минск},
    note = {12~с.},
}

@Misc{LabourCalendar,
    title = {Производственный календарь на 2017 год [Электронный ресурс]},
    author = {Е.А. Пещенко},
    note = {Режим доступа: http://www.mintrud.gov.by/system/extensions/spaw/uploads/files/Kommetarij-2017-RV.pdf},
}

@Comment{jabref-meta: databaseType:bibtex;}